@Manual{R-base,
  title = {R: A Language and Environment for Statistical Computing},
  author = {{R Core Team}},
  organization = {R Foundation for Statistical Computing},
  address = {Vienna, Austria},
  year = {2020},
  url = {https://www.R-project.org/},
}
@Manual{R-dplyr,
  title = {dplyr: A Grammar of Data Manipulation},
  author = {Hadley Wickham and Romain François and Lionel Henry and Kirill Müller},
  year = {2020},
  note = {R package version 1.0.0},
  url = {https://CRAN.R-project.org/package=dplyr},
}
@Manual{R-papaja,
  author = {Frederik Aust and Marius Barth},
  title = {{papaja}: {Create} {APA} manuscripts with {R Markdown}},
  year = {2020},
  note = {R package version 0.1.0.9942},
  url = {https://github.com/crsh/papaja},
}
@Manual{R-psych,
  title = {psych: Procedures for Psychological, Psychometric, and Personality Research},
  author = {William Revelle},
  organization = { Northwestern University},
  address = { Evanston, Illinois},
  year = {2019},
  note = {R package version 1.9.12},
  url = {https://CRAN.R-project.org/package=psych},
}
@Book{R-car,
  title = {An {R} Companion to Applied Regression},
  edition = {Third},
  author = {John Fox and Sanford Weisberg},
  year = {2019},
  publisher = {Sage},
  address = {Thousand Oaks {CA}},
  url = {https://socialsciences.mcmaster.ca/jfox/Books/Companion/},
}
@Manual{R-carData,
  title = {carData: Companion to Applied Regression Data Sets},
  author = {John Fox and Sanford Weisberg and Brad Price},
  year = {2020},
  note = {R package version 3.0-4},
  url = {https://CRAN.R-project.org/package=carData},
}
@Article{R-lubridate,
  title = {Dates and Times Made Easy with {lubridate}},
  author = {Garrett Grolemund and Hadley Wickham},
  journal = {Journal of Statistical Software},
  year = {2011},
  volume = {40},
  number = {3},
  pages = {1--25},
  url = {http://www.jstatsoft.org/v40/i03/},
}
@Article{R-plyr,
  title = {The Split-Apply-Combine Strategy for Data Analysis},
  author = {Hadley Wickham},
  journal = {Journal of Statistical Software},
  year = {2011},
  volume = {40},
  number = {1},
  pages = {1--29},
  url = {http://www.jstatsoft.org/v40/i01/},
}
@Manual{R-corx,
  title = {corx: Create and Format Correlation Matrices},
  author = {James Conigrave},
  year = {2020},
  note = {R package version 1.0.6.1},
  url = {https://CRAN.R-project.org/package=corx},
}
@Book{R-ggplot2,
  author = {Hadley Wickham},
  title = {ggplot2: Elegant Graphics for Data Analysis},
  publisher = {Springer-Verlag New York},
  year = {2016},
  isbn = {978-3-319-24277-4},
  url = {https://ggplot2.tidyverse.org},
}
@Article{R-AMR,
  title = {AMR - An R Package for Working with Antimicrobial Resistance Data},
  author = {M S Berends and C F Luz and A W Friedrich and B N M Sinha and C J Albers and C Glasner},
  journal = {bioRxiv},
  publisher = {Cold Spring Harbor Laboratory},
  year = {2019},
  url = {https://doi.org/10.1101/810622},
}
@Manual{R-apaTables,
  title = {apaTables: Create American Psychological Association (APA) Style Tables},
  author = {David Stanley},
  year = {2018},
  note = {R package version 2.0.5},
  url = {https://CRAN.R-project.org/package=apaTables},
}
@Manual{R-corrplot2017,
  title = {R package "corrplot": Visualization of a Correlation Matrix},
  author = {Taiyun Wei and Viliam Simko},
  year = {2017},
  note = {(Version 0.84)},
  url = {https://github.com/taiyun/corrplot},
}
@Manual{R-GGally,
  title = {GGally: Extension to 'ggplot2'},
  author = {Barret Schloerke and Di Cook and Joseph Larmarange and Francois Briatte and Moritz Marbach and Edwin Thoen and Amos Elberg and Jason Crowley},
  year = {2020},
  note = {R package version 2.0.0},
  url = {https://CRAN.R-project.org/package=GGally},
}
@Manual{R-gridExtra,
  title = {gridExtra: Miscellaneous Functions for "Grid" Graphics},
  author = {Baptiste Auguie},
  year = {2017},
  note = {R package version 2.3},
  url = {https://CRAN.R-project.org/package=gridExtra},
}
@Manual{R-jtools,
  title = {jtools: Analysis and Presentation of Social Scientific Data},
  author = {Jacob A. Long},
  year = {2020},
  note = {R package version 2.1.0},
  url = {https://cran.r-project.org/package=jtools},
}
@Book{R-MASS,
  title = {Modern Applied Statistics with S},
  author = {W. N. Venables and B. D. Ripley},
  publisher = {Springer},
  edition = {Fourth},
  address = {New York},
  year = {2002},
  note = {ISBN 0-387-95457-0},
  url = {http://www.stats.ox.ac.uk/pub/MASS4},
}
@Article{R-mctest_a,
  title = {mctest: An R Package for Deteection of Collinearity among Regressors},
  author = {M. Imdadullah and M. Aslam and S. Altaf},
  journal = {The R Journal},
  year = {2016},
  volume = {8(2)},
  pages = {499-509},
  url = {https://journal.r-project.org/archive/2016/RJ-2016-062/index.html},
}
@Article{R-mctest_b,
  title = {Some New Diagnostics of Multicollinearity in Linear Regression Model},
  author = {M. U. Imdad and M. Aslam and S. Altaf and A. Munir},
  journal = {Sains Malaysiana},
  year = {2019},
  volume = {48(9)},
  pages = {2051-2060},
  url = {http://dx.doi.org/10.17576/jsm-2019-4809-26},
}
@Manual{R-numform,
  title = {{numform}: A publication style number and plot formatter},
  author = {Tyler W. Rinker},
  note = {version 0.6.0},
  year = {2020},
  url = {http://github.com/trinker/numform},
}
@Manual{R-ppcor,
  title = {ppcor: Partial and Semi-Partial (Part) Correlation},
  author = {Seongho Kim},
  year = {2015},
  note = {R package version 1.1},
  url = {https://CRAN.R-project.org/package=ppcor},
}
